@article{Reed1960,
    title = {{Polynomial Codes Over Certain Finite Fields}},
    year = {1960},
    journal = {Journal of the Society for Industrial and Applied Mathematics},
    author = {Reed, I. S. and Solomon, G.},
    number = {2},
    pages = {300--304},
    volume = {8},
    isbn = {0368-4245},
    doi = {10.1137/0108018},
    issn = {0368-4245},
    keywords = {citation doi, issn advanced search}
}


@Book{Rynne2008LinearAnalysis,
  Title                    = {{Linear functional analysis}},
  Author                   = {Rynne, Bryan P. and Youngson, Martin A.},
  Publisher                = {Springer},
  Year                     = {2008},

  Address                  = {London :},

  ISBN                     = {9781848000049},
  Pages                    = {324},
  Url                      = {https://ru.on.worldcat.org/oclc/234775031}
}
@article{Oort1958,
    title = {{Reports on the Progress of Astronomy the Galactic System as a Spiral Nebula}},
    year = {1958},
    journal = {Monthly Notices of the Royal Astronomical Society},
    author = {Oort, J. H. and Kerr, F. J. and Westerhout, G.},
    number = {4},
    month = {8},
    pages = {379--389},
    volume = {118},
    url = {https://academic.oup.com/mnras/article-lookup/doi/10.1093/mnras/118.4.379},
    doi = {10.1093/mnras/118.4.379},
    issn = {0035-8711}
}
